<record><leader>00000cas a22000007a 4500</leader><controlfield tag="001">24941082</controlfield><controlfield tag="008">911212d19461991ncuwr ne      0    0eng d</controlfield><controlfield tag="009">13381</controlfield><datafield ind1=" " ind2=" " tag="010"><subfield code="a">sn 91068761 </subfield></datafield><datafield ind1=" " ind2=" " tag="040"><subfield code="a">NVJ</subfield><subfield code="b">eng</subfield><subfield code="c">NVJ</subfield><subfield code="d">NSD</subfield><subfield code="d">DLC</subfield><subfield code="d">NVJ</subfield></datafield><datafield ind1=" " ind2=" " tag="042"><subfield code="a">msc</subfield></datafield><datafield ind1="0" ind2="0" tag="245"><subfield code="a">Tabor City tribune.</subfield></datafield><datafield ind1=" " ind2=" " tag="260"><subfield code="a">Tabor City, N.C. :</subfield><subfield code="b">W. Horace Carter,</subfield></datafield><datafield ind1=" " ind2=" " tag="300"><subfield code="a">v.</subfield></datafield><datafield ind1=" " ind2=" " tag="310"><subfield code="a">Weekly</subfield></datafield><datafield ind1="0" ind2=" " tag="362"><subfield code="a">Vol. 1, no. 1 (July 5, 1946)-v. 45, no. 5 (July 31, 1991).</subfield></datafield><datafield ind1=" " ind2=" " tag="580"><subfield code="a">Issued with: The Tribune (Tabor City, N.C. : 1989), Aug. 2, 1989-July 31, 1991.</subfield></datafield><datafield ind1=" " ind2=" " tag="752"><subfield code="a">United States</subfield><subfield code="b">North Carolina</subfield><subfield code="c">Columbus</subfield><subfield code="d">Tabor City.</subfield></datafield><datafield ind1="1" ind2=" " tag="777"><subfield code="t">Tribune (Tabor City, N.C. : 1989)</subfield><subfield code="w">(DLC)sn 94058252</subfield></datafield><datafield ind1="0" ind2="0" tag="785"><subfield code="t">Tribune (Tabor City, N.C. : 1991)</subfield><subfield code="x">1063-7702</subfield><subfield code="w">(DLC)sn 9203331</subfield><subfield code="w">(OCoLC)26136062</subfield></datafield></record>